
  
@electronic{boardModel,
  author        = "Mindless",
  title         = "Mindless Raider III Complete Longboard - Blue 34"",
  url           = "https://www.skates.co.uk/mindless-raider-iii-complete-longboard-blue-34.html",
  year          = "2015"
}  
  
}

@article{Combined_Resistance,
    author = {M. SÃ¶nmez},
    title = {A Study on the Combined Effect of Axle Friction and Rolling Resistance},
    journal = {International Journal of Mechanical Engineering Education},
    number = {2},
    month = {April},
    year = {2003},
    pages = {101-107} ,
    url = {10.7227/ijmee.31.2.2.},
}

